<record><leader>00000cas a22000007a 4500</leader><controlfield tag="001">12616468</controlfield><controlfield tag="008">850930d1843184uinuwr ne      0   a0eng d</controlfield><controlfield tag="009">1029</controlfield><datafield ind1=" " ind2=" " tag="010"><subfield code="a">sn 87055718 </subfield></datafield><datafield ind1=" " ind2=" " tag="040"><subfield code="a">IGP</subfield><subfield code="b">eng</subfield><subfield code="c">IGP</subfield><subfield code="d">NPI</subfield><subfield code="d">PPM</subfield><subfield code="d">NVF</subfield><subfield code="d">DLC</subfield><subfield code="d">OCLCQ</subfield></datafield><datafield ind1=" " ind2=" " tag="042"><subfield code="a">msc</subfield></datafield><datafield ind1=" " ind2=" " tag="043"><subfield code="a">n-us---</subfield></datafield><datafield ind1=" " ind2=" " tag="092"><subfield code="a">324.973</subfield><subfield code="b">C</subfield></datafield><datafield ind1="0" ind2="0" tag="245"><subfield code="a">Chapman's coon skinner.</subfield></datafield><datafield ind1="1" ind2="3" tag="246"><subfield code="a">Coon skinner</subfield><subfield code="f">&lt;Jan. 1845-&gt;</subfield></datafield><datafield ind1=" " ind2=" " tag="260"><subfield code="a">Indianapolis [Ind.] :</subfield><subfield code="b">G.A. &amp; J.A. Chapman,</subfield><subfield code="c">1843-</subfield></datafield><datafield ind1=" " ind2=" " tag="300"><subfield code="a">v.</subfield></datafield><datafield ind1=" " ind2=" " tag="310"><subfield code="a">Weekly</subfield></datafield><datafield ind1="0" ind2=" " tag="362"><subfield code="a">Vol. 2, no. 1 (May 5, 1843)-</subfield></datafield><datafield ind1=" " ind2=" " tag="500"><subfield code="a">"Extra State Sentinel", Apr. 23, 1844-&lt;Aug. 2, 1845&gt;</subfield></datafield><datafield ind1=" " ind2=" " tag="500"><subfield code="a">Aug. 25, 1843 issue includes a broadside illustration.</subfield></datafield><datafield ind1=" " ind2=" " tag="580"><subfield code="a">Campaign supplement to: Indiana State sentinel (Indianapolis, Ind. : 1841), 1843-&lt;1848&gt;</subfield></datafield><datafield ind1=" " ind2=" " tag="752"><subfield code="a">United States</subfield><subfield code="b">Indiana</subfield><subfield code="c">Marion</subfield><subfield code="d">Indianapolis.</subfield></datafield><datafield ind1="1" ind2=" " tag="772"><subfield code="t">Indiana State sentinel (Indianapolis, Ind. : 1841)</subfield><subfield code="w">(DLC)sn 82015677</subfield></datafield><datafield ind1="0" ind2="0" tag="780"><subfield code="t">Extra State sentinel</subfield><subfield code="w">(DLC)sn 87056605</subfield></datafield></record>